% Encoding: GBK
@BOOK{mcu,
  title = {{单片机初级教程：单片机基础}},
  address = {北京},
  publisher = {北京航空航天大学出版社},
  year = {2008},
  author = {张迎新},
  language = {zh}
}
@BOOK{mcu1,
  title = {{机电控制技术}},
  address = {北京},
  publisher = {科学出版社},
  year = {2009},
  author = {杨汝清 and 张伟军},
  language = {zh}
}
@BOOK{mcu2,
  title = {{新编MCS-51单片机应用设计}},
  address = {哈尔滨},
  publisher = {哈尔滨工业大学出版社},
  year = {2003},
  author = {张毅刚},
  language = {zh}
}
@BOOK{mcu3,
  title = {{单片机原理及应用}},
  address = {北京},
  publisher = {电子工业出版社},
  year = {2005},
  author = {张鑫},
  language = {zh}
}
@BOOK{mcu4,
  title = {{图解单片机功能与应用}},
  address = {北京},
  publisher = {中国电力出版社},
  year = {2005},
  author = {郭速学 and 朱承彦 and 郭楠},
  language = {zh}
}

